<record><leader>00000cas a22000007a 4500</leader><controlfield tag="001">23672074</controlfield><controlfield tag="008">910501d191319uucouwr ne      0    0eng d</controlfield><datafield ind1=" " ind2=" " tag="010"><subfield code="a">sn 91052557 </subfield></datafield><datafield ind1=" " ind2=" " tag="040"><subfield code="a">CNQ</subfield><subfield code="b">eng</subfield><subfield code="c">CNQ</subfield><subfield code="d">OCLCQ</subfield></datafield><datafield ind1=" " ind2=" " tag="042"><subfield code="a">msc</subfield></datafield><datafield ind1="0" ind2="0" tag="245"><subfield code="a">Wheat Ridge news.</subfield></datafield><datafield ind1="1" ind2="3" tag="246"><subfield code="a">Wheat Ridge news formerly the Edgewater times</subfield></datafield><datafield ind1=" " ind2=" " tag="260"><subfield code="a">Wheat Ridge, Colo. :</subfield><subfield code="b">Samual W. Johnson</subfield></datafield><datafield ind1=" " ind2=" " tag="300"><subfield code="a">v.</subfield></datafield><datafield ind1=" " ind2=" " tag="310"><subfield code="a">Weekly</subfield></datafield><datafield ind1="0" ind2=" " tag="362"><subfield code="a">Vol. 3, no. 1 (Nov. 5, 1913)-</subfield></datafield><datafield ind1=" " ind2=" " tag="500"><subfield code="a">Published as: Wheat Ridge news formerly the Edgewater times, Nov. 12, 1913-Jan. 27, 1915.</subfield></datafield><datafield ind1=" " ind2=" " tag="752"><subfield code="a">United States</subfield><subfield code="b">Colorado</subfield><subfield code="c">Jefferson</subfield><subfield code="d">Wheat Ridge.</subfield></datafield><datafield ind1="0" ind2="0" tag="780"><subfield code="t">Edgewater times and record</subfield></datafield></record>